@article{Khachiyan_Todd_1993,
  title    = {On the complexity of approximating the maximal inscribed ellipsoid for a polytope},
  volume   = {61},
  issn     = {0025-5610, 1436-4646},
  url      = {http://link.springer.com/10.1007/BF01582144},
  doi      = {10.1007/BF01582144},
  number   = {1–3},
  journal  = {Mathematical Programming},
  author   = {Khachiyan, Leonid G. and Todd, Michael J.},
  year     = {1993},
  month    = aug,
  pages    = {137–159},
  language = {en}
}
@article{Zhang_Gao_2003,
  title    = {On Numerical Solution of the Maximum Volume Ellipsoid Problem},
  volume   = {14},
  issn     = {1052-6234, 1095-7189},
  url      = {http://epubs.siam.org/doi/10.1137/S1052623401397230},
  doi      = {10.1137/S1052623401397230},
  number   = {1},
  journal  = {SIAM Journal on Optimization},
  author   = {Zhang, Yin and Gao, Liyan},
  year     = {2003},
  month    = jan,
  pages    = {53–76},
  language = {en}
}
